%% This BibTeX bibliography file was created using BibDesk.
%% http://bibdesk.sourceforge.net/


%% Created for kje at 2012-02-10 12:56:03 -0500 


%% Saved with string encoding Unicode (UTF-8) 

@article{Branton2008,
	Annote = {stochseq},
	author = {Branton, Daniel and Deamer, David W and Marziali, Andre and Bayley, Hagan and Benner, Steven A and Butler, Thomas and Di Ventra, Massimiliano and Garaj, Slaven and Hibbs, Andrew and Huang, Xiaohua and Jovanovich, Stevan B and Krstic, Predrag S and Lindsay, Stuart and Ling, Xinsheng Sean and Mastrangelo, Carlos H and Meller, Amit and Oliver, John S and Pershin, Yuriy V and Ramsey, J Michael and Riehn, Robert and Soni, Gautam V and Tabard-Cossa, Vincent and Wanunu, Meni and Wiggin, Matthew and Schloss, Jeffery A},
	title = {The potential and challenges of nanopore sequencing},
	journal = {Nature Biotechnology},
	year = {2008},
	volume = {26},
	number = {10},
	pages = {1146--1153},
	month = oct,
	annote = {stochseq}
}

@article{Luan2011,
	Annote = {stochseq},
	Author = {Luan, Binquan and Martyna, Glenn and Stolovitzky, Gustavo},
	Date-Modified = {2012-02-10 12:54:51 -0500},
	Journal = {Biophysical Journal},
	Month = nov,
	Number = {9},
	Pages = {2214--2222},
	Title = {{Characterizing and Controlling the Motion of ssDNA in a Solid-State Nanopore}},
	Volume = {101},
	Year = {2011}
}

@article{Lu2011,
	Annote = {stochseq},
	Author = {Lu, Bo and Albertorio, Fernando and Hoogerheide, David P and Golovchenko, Jene A},
	Date-Modified = {2012-02-10 12:54:31 -0500},
	Journal = {Biophysical Journal},
	Month = jul,
	Number = {1},
	Pages = {70--79},
	Title = {{Origins and Consequences of Velocity Fluctuations during DNA Passage through a Nanopore}},
	Volume = {101},
	Year = {2011}
}

@article{Merchant2010,
	author = {Merchant, Christopher A and Healy, Ken and Wanunu, Meni and Ray, Vishva and Peterman, Neil and Bartel, John and Fischbein, Michael D and Venta, Kimberly and Luo, Zhengtang and Johnson, A T Charlie and Drndi{\'c}, Marija},
	title = {{DNA Translocation through Graphene Nanopores}},
	journal = {Nano Letters},
	year = {2010},
	volume = {10},
	number = {8},
	pages = {2915--2921},
	month = aug,
	annote = {stochseq}
}



@article{Rabiner1989,
	Annote = {stochseq},
	author = {Rabiner, Lawrence R},
	title = {{A tutorial on hidden Markov models and selected applications in speech recognition}},
	journal = {Proceedings of the IEEE},
	year = {1989},
	volume = {77},
	number = {2},
	pages = {257--286}
}

@incollection{Timp2011,
author = {Timp, Gregory and Mirsaidov, Utkur and Timp, Winston and Shim, Jiwook and Wang, Deqiang and Dimitrov, Valentin and Scrimgeour, Jan and Lin, Chunchen and Comer, Jeffrey and Ho, Anthony H and Zou, Xueqing and Aksimentiev, Aleksei and Schulten, Klaus},
title = {{Third Generation DNA Sequencing with a Nanopore}},
booktitle = {Nanopores: Sensing and Fundamental Biological Interactions},
year = {2011},
editor = {Iqbal, Samir M and Bashir, Rashid},
pages = {287--311},
publisher = {Springer US},
address = {Boston, MA},
month = may
}




